@article{paper1,
	author={J. Kowalski and Y. Hui},
	journal={Journal of Everything},
	title={P = NP},
	year={1999}
}

@book{xyz,
	author="E.Schmidt",
	publisher="PWN",
	year={2013},
	title={A general theory of everything}
}
